@article{polyak1990new,
  title={New stochastic approximation type procedures},
  author={Polyak, Boris T},
  journal={Automat. i Telemekh},
  volume={7},
  number={98-107},
  pages={2},
  year={1990}
}

@article{nemirovskij1983problem,
  title={Problem complexity and method efficiency in optimization},
  author={Nemirovskij, Arkadij Semenovi{\v{c}} and Yudin, David Borisovich},
  year={1983},
  publisher={Wiley-Interscience}
}


@book{frank2005nonlinear,
  title={Nonlinear Fokker-Planck equations: fundamentals and applications},
  author={Frank, Till Daniel},
  year={2005},
  publisher={Springer Science \& Business Media}
}

@article{yazidi2020balanced,
  title={Balanced difficulty task finder: an adaptive recommendation method for learning tasks based on the concept of state of flow},
  author={Yazidi, Anis and Abolpour Mofrad, Asieh and Goodwin, Morten and Hammer, Hugo Lewi and Arntzen, Erik},
  journal={Cognitive Neurodynamics},
  volume={14},
  number={5},
  pages={675--687},
  year={2020},
  publisher={Springer}
}

@article{robbins1951stochastic,
  title={A stochastic approximation method},
  author={Robbins, Herbert and Monro, Sutton},
  journal={The annals of mathematical statistics},
  pages={400--407},
  year={1951},
  publisher={JSTOR}
}

@article{ng1969table,
  title={A table of integrals of the error functions},
  author={Ng, Edward W and Geller, Murray},
  journal={Journal of Research of the National Bureau of Standards B},
  volume={73},
  number={1},
  pages={1--20},
  year={1969}
}

@Article{         harris2020array,
 title         = {Array programming with {NumPy}},
 author        = {Charles R. Harris and K. Jarrod Millman and St{\'{e}}fan J.
                 van der Walt and Ralf Gommers and Pauli Virtanen and David
                 Cournapeau and Eric Wieser and Julian Taylor and Sebastian
                 Berg and Nathaniel J. Smith and Robert Kern and Matti Picus
                 and Stephan Hoyer and Marten H. van Kerkwijk and Matthew
                 Brett and Allan Haldane and Jaime Fern{\'{a}}ndez del
                 R{\'{i}}o and Mark Wiebe and Pearu Peterson and Pierre
                 G{\'{e}}rard-Marchant and Kevin Sheppard and Tyler Reddy and
                 Warren Weckesser and Hameer Abbasi and Christoph Gohlke and
                 Travis E. Oliphant},
 year          = {2020},
 month         = sep,
 journal       = {Nature},
 volume        = {585},
 number        = {7825},
 pages         = {357--362},
 doi           = {10.1038/s41586-020-2649-2},
 publisher     = {Springer Science and Business Media {LLC}},
 url           = {https://doi.org/10.1038/s41586-020-2649-2}
}

@Article{Hunter:2007,
  Author    = {Hunter, J. D.},
  Title     = {Matplotlib: A 2D graphics environment},
  Journal   = {Computing in Science \& Engineering},
  Volume    = {9},
  Number    = {3},
  Pages     = {90--95},
  abstract  = {Matplotlib is a 2D graphics package used for Python for
  application development, interactive scripting, and publication-quality
  image generation across user interfaces and operating systems.},
  publisher = {IEEE COMPUTER SOC},
  doi       = {10.1109/MCSE.2007.55},
  year      = 2007
}

@article{box1959design,
  title={Design of experiments in non-linear situations},
  author={Box, George EP and Lucas, Henry L},
  journal={Biometrika},
  volume={46},
  number={1/2},
  pages={77--90},
  year={1959},
  publisher={JSTOR}
}



@article{lai1979adaptive,
  title={Adaptive design and stochastic approximation},
  author={Lai, Tze Leung and Robbins, Herbert},
  journal={The annals of Statistics},
  pages={1196--1221},
  year={1979},
  publisher={JSTOR}
}


@article{liu2024robbins,
  title={A Robbins--Monro Sequence That Can Exploit Prior Information For Faster Convergence},
  author={Liu, Siwei and Ma, Ke and Goetz, Stephan M},
  journal={arXiv preprint arXiv:2401.03206},
  year={2024}
}
@article{joseph2004efficient,
  title={Efficient Robbins--Monro procedure for binary data},
  author={Joseph, V Roshan},
  journal={Biometrika},
  volume={91},
  number={2},
  pages={461--470},
  year={2004},
  publisher={Oxford University Press}
}


@article{hu1998sequential,
  title={On sequential designs in nonlinear problems},
  author={Hu, Inchi},
  journal={Biometrika},
  volume={85},
  number={2},
  pages={496--503},
  year={1998},
  publisher={Oxford University Press}
}

@article{hu1997strong,
  title={Strong consistency in stochastic regression models via posterior covariance matrices},
  author={Hu, Inchi},
  journal={Biometrika},
  volume={84},
  number={3},
  pages={744--749},
  year={1997},
  publisher={Oxford University Press}
}

@article{xiong2018efficient,
  title={Efficient Robbins--Monro procedure for multivariate binary data},
  author={Xiong, Cui and Xu, Jin},
  journal={Statistical Theory and Related Fields},
  volume={2},
  number={2},
  pages={172--180},
  year={2018},
  publisher={Taylor \& Francis}
}

@article{blum1954approximation,
  title={Approximation methods which converge with probability one},
  author={Blum, Julius R},
  journal={The Annals of Mathematical Statistics},
  pages={382--386},
  year={1954},
  publisher={JSTOR}
}

@article{sacks1958asymptotic,
  title={Asymptotic distribution of stochastic approximation procedures},
  author={Sacks, Jerome},
  journal={The Annals of Mathematical Statistics},
  volume={29},
  number={2},
  pages={373--405},
  year={1958},
  publisher={JSTOR}
}