@inproceedings{kwon2015automatic,
  title={Automatic Scoring of Creative Problem-Solving Processes Using Hidden Markov Models},
  author={Kwon, G. and others},
  booktitle={Proceedings of the 29th Annual AAAI Conference on Artificial Intelligence},
  pages={4059--4060},
  year={2015}
}


@inproceedings{osmeyer2017automated,
  title={Automated Essay Scoring Using Deep Learning},
  author={Osmeyer, L. and Ammar, K.},
  booktitle={2017 IEEE International Conference on Data Mining Workshops (ICDMW)},
  pages={957--960},
  year={2017},
  organization={IEEE}
}

@article{craig2009accessible,
  title={Accessible rich internet applications (WAI-ARIA) 1.0},
  author={Craig, James and Cooper, Michael and Pappas, L and Schwerdtfeger, R and Seeman, L},
  journal={W3C Working Draft},
  year={2009}
}

@book{gackenheimer2015introduction,
  title={Introduction to React},
  author={Gackenheimer, Cory},
  year={2015},
  publisher={Apress}
}

@book{luce2005individual,
  title={Individual choice behavior: A theoretical analysis},
  author={Luce, R Duncan},
  year={2005},
  publisher={Courier Corporation}
}

@article{plackett1975analysis,
  title={The analysis of permutations},
  author={Plackett, Robin L},
  journal={Journal of the Royal Statistical Society Series C: Applied Statistics},
  volume={24},
  number={2},
  pages={193--202},
  year={1975},
  publisher={Oxford University Press}
}

@inproceedings{nikolenko2011new,
  title={A new bayesian rating system for team competitions},
  author={Nikolenko, Sergey and Sirotkin, Alexander},
  booktitle={Proceedings of the 28th International Conference on Machine Learning (ICML-11)},
  pages={601--608},
  year={2011}
}


@inproceedings{hamari2011framework,
  title={Framework for Designing and Evaluating Game Achievements.},
  author={Hamari, Juho and Eranti, Veikko},
  booktitle={Digra conference},
  volume={10},
  number={1.224},
  pages={9966},
  year={2011},
  organization={Citeseer}
}

@article{jain2013game,
  title={A game-theoretic analysis of the esp game},
  author={Jain, Shaili and Parkes, David C},
  journal={ACM Transactions on Economics and Computation (TEAC)},
  volume={1},
  number={1},
  pages={1--35},
  year={2013},
  publisher={ACM New York, NY, USA}
}

@article{Easley2013,
    author = {Easley, David and Ghosh, Arpita},
    year = {2016},
    month = {06},
    pages = {1-26},
    title = {Incentives, Gamification, and Game Theory: An Economic Approach to Badge Design},
    volume = {4},
    journal = {ACM Transactions on Economics and Computation}
}


@article{feng2024chessgpt,
  title={Chessgpt: Bridging policy learning and language modeling},
  author={Feng, Xidong and Luo, Yicheng and Wang, Ziyan and Tang, Hongrui and Yang, Mengyue and Shao, Kun and Mguni, David and Du, Yali and Wang, Jun},
  journal={Advances in Neural Information Processing Systems},
  volume={36},
  year={2024}
}


@article{maharaj2022chess,
  title={Chess AI: competing paradigms for machine intelligence},
  author={Maharaj, Shiva and Polson, Nick and Turk, Alex},
  journal={Entropy},
  volume={24},
  number={4},
  pages={550},
  year={2022},
  publisher={MDPI}
}


@techreport{fette2011websocket,
  title={The websocket protocol},
  author={Fette, Ian and Melnikov, Alexey},
  year={2011}
}

@book{fedosejev2015react,
  title={React. js essentials},
  author={Fedosejev, Artemij},
  year={2015},
  publisher={Packt Publishing Ltd}
}


@article{brophy2007web,
  title={Web accessibility},
  author={Brophy, Peter and Craven, Jenny},
  journal={Library trends},
  volume={55},
  number={4},
  pages={950--972},
  year={2007},
  publisher={Johns Hopkins University Press}
}


@article{wu2024critical,
  title={Critical Thinking Pedagogics Design in an Era of ChatGPT and Other AI Tools—Shifting From Teaching “What” to Teaching “Why” and “How”},
  author={Wu, Yi},
  journal={Journal of Education and Development},
  volume={8},
  number={1},
  pages={1},
  year={2024}
}

@article{lo2023impact,
  title={What is the impact of ChatGPT on education? A rapid review of the literature},
  author={Lo, Chung Kwan},
  journal={Education Sciences},
  volume={13},
  number={4},
  pages={410},
  year={2023},
  publisher={MDPI}
}

@article{sismanis2010won,
  title={How i won the" chess ratings-elo vs the rest of the world" competition},
  author={Sismanis, Yannis},
  journal={arXiv preprint arXiv:1012.4571},
  year={2010}
}

@article{hvattum2010using,
  title={Using ELO ratings for match result prediction in association football},
  author={Hvattum, Lars Magnus and Arntzen, Halvard},
  journal={International Journal of forecasting},
  volume={26},
  number={3},
  pages={460--470},
  year={2010},
  publisher={Elsevier}
}

@article{li2022emergent,
  title={Emergent world representations: Exploring a sequence model trained on a synthetic task},
  author={Li, Kenneth and Hopkins, Aspen K and Bau, David and Vi{\'e}gas, Fernanda and Pfister, Hanspeter and Wattenberg, Martin},
  journal={arXiv preprint arXiv:2210.13382},
  year={2022}
}

@misc{Adam2024,
  author = {Adam Karvonen},
  title = {chess_gpt_eval},
  year = {2024},
  publisher = {GitHub},
  journal = {GitHub repository},
}
@misc{Freedman2024,
  author = {Dylan Freedman},
  title = {Semantra},
  year = {2024},
  publisher = {GitHub},
  journal = {GitHub repository},
}


@software{Liu_LlamaIndex_2022,
  author = {Liu, Jerry},
  month = {11},
  title = {LlamaIndex},
  year = {2022}
}


@article{billman1990strategy,
  title={Strategy knowledge and strategy change in skilled performance: A study of the game othello},
  author={Billman, Dorrit and Shaman, David},
  journal={The American journal of psychology},
  pages={145--166},
  year={1990},
  publisher={JSTOR}
}

@article{silver2017mastering,
  title={Mastering chess and shogi by self-play with a general reinforcement learning algorithm},
  author={Silver, David and Hubert, Thomas and Schrittwieser, Julian and Antonoglou, Ioannis and Lai, Matthew and Guez, Arthur and Lanctot, Marc and Sifre, Laurent and Kumaran, Dharshan and Graepel, Thore and others},
  journal={arXiv preprint arXiv:1712.01815},
  year={2017}
}

@article{silver2018general,
  title={A general reinforcement learning algorithm that masters chess, shogi, and Go through self-play},
  author={Silver, David and Hubert, Thomas and Schrittwieser, Julian and Antonoglou, Ioannis and Lai, Matthew and Guez, Arthur and Lanctot, Marc and Sifre, Laurent and Kumaran, Dharshan and Graepel, Thore and others},
  journal={Science},
  volume={362},
  number={6419},
  pages={1140--1144},
  year={2018},
  publisher={American Association for the Advancement of Science}
}

@book{chomsky2002syntactic,
  title={Syntactic structures},
  author={Chomsky, Noam},
  year={2002},
  publisher={Mouton de Gruyter}
}


@book{chomsky1976reflections,
  title={Reflections on language},
  author={Chomsky, Noam and others},
  year={1976},
  publisher={Temple Smith London}
}

@article{elo1967proposed,
  title={The proposed uscf rating system, its development, theory, and applications},
  author={Elo, Arpad E},
  journal={Chess life},
  volume={22},
  number={8},
  pages={242--247},
  year={1967}
}

@online{MerlynEducationModels,
    author    = {Merlyn Mind AI Team},
    title     = {Merlyn Mind's education-domain language models},
    year      = {2023},
    urldate   = {2023-06-26}
}

@incollection{Korobov2015morph,
   year={2015},
   title={Morphological Analyzer and Generator for Russian and Ukrainian Languages},
   author={M.Korobov},
   pages={320--332}
}


@article{hurwicz1960optimality,
  title={Optimality and informational efficiency in resource allocation processes},
  author={Hurwicz, Leonid},
  journal={Mathematical methods in the social sciences},
  year={1960},
  publisher={Stanford University Press}
}

@book{luria2012higher,
  title={Higher cortical functions in man},
  author={Luria, Aleksandr Romanovich},
  year={2012},
  publisher={Springer Science \& Business Media}
}

@inproceedings{unesco2019beijing,
  title={Beijing consensus on artificial intelligence and education},
  author={unesco},
  booktitle={International Conference on Artificial Intelligence and Education, Planning Education in the AI Era: Lead the Leap},
  year={2019}
}

@article{annuvs2024education,
  title={Education in the Age of Artificial Intelligence},
  author={Annu{\v{s}}, Norbert},
  journal={TEM Journal},
  volume={13},
  number={1},
  pages={404--413},
  year={2024},
  publisher={UIKTEN-Association for Information Communication Technology Education}
}

@article{vaswani2017attention,
  title={Attention is all you need},
  author={Vaswani, Ashish and Shazeer, Noam and Parmar, Niki and Uszkoreit, Jakob and Jones, Llion and Gomez, Aidan N and Kaiser, {\L}ukasz and Polosukhin, Illia},
  journal={Advances in neural information processing systems},
  volume={30},
  year={2017}
}

@inproceedings{redmon2016you,
  title={You only look once: Unified, real-time object detection},
  author={Redmon, Joseph and Divvala, Santosh and Girshick, Ross and Farhadi, Ali},
  booktitle={Proceedings of the IEEE conference on computer vision and pattern recognition},
  pages={779--788},
  year={2016}
}

@misc{law1274,
  title={ГК РФ Статья 1274. Свободное использование произведения в информационных, научных, учебных или культурных целях}
}

@misc{law1260,
  title={ГК РФ Статья 1260. Переводы, иные производные произведения. Составные произведения}
}


@article{acher2016large,
  title={Large-scale analysis of chess games with chess engines: A preliminary report},
  author={Acher, Mathieu and Esnault, Fran{\c{c}}ois},
  journal={arXiv preprint arXiv:1607.04186},
  year={2016}
}

@article{аль2019интеллектуальный,
  title={Интеллектуальный голосовой помощник Алиса на уроках русского языка как иностранного (уровень А1)},
  author={Аль-Кайси, Алиса Назаровна and Архангельская, Алла Леонидовна and Руденко-Моргун, Ольга Ивановна},
  journal={Филологические науки. Вопросы теории и практики},
  volume={12},
  number={2},
  pages={239--244},
  year={2019},
}

@article{bulusuautomated,
  title={An Automated Graphing System for Mathematical Pedagogy},
  author={Bulusu, Arya and Man, Brandon and Jagmohan, Ashish and Vempaty, Aditya and Mari-Wyka, Jennifer}
}


@article{everaert2015structures,
  title={Structures, not strings: Linguistics as part of the cognitive sciences},
  author={Everaert, Martin BH and Huybregts, Marinus AC and Chomsky, Noam and Berwick, Robert C and Bolhuis, Johan J},
  journal={Trends in cognitive sciences},
  volume={19},
  number={12},
  pages={729--743},
  year={2015},
  publisher={Elsevier}
}

@book{chomsky2002syntactic,
  title={Syntactic structures},
  author={Chomsky, Noam},
  year={2002},
  publisher={Mouton de Gruyter}
}

@inproceedings{katinskaia2018revita,
  title={Revita: a language-learning platform at the intersection of ITS and CALL},
  author={Katinskaia, Anisia and Nouri, Javad and Yangarber, Roman},
  booktitle={Proceedings of the eleventh international conference on language resources and evaluation (LREC 2018)},
  year={2018}
}

@article{montague1970universal,
  title={Universal grammar},
  author={Montague, Richard and others},
  journal={1974},
  pages={222--46},
  year={1970}
}

@inproceedings{vinze2021application,
  title={Application Of AI As Singing Trainer},
  author={Vinze, Vivek and Dhami, Jainam and Desai, Darshit and Dalvi, Harshal and Raut, Purva},
  booktitle={2021 International Conference on Advances in Computing, Communication, and Control (ICAC3)},
  pages={1--6},
  year={2021},
  organization={IEEE}
}

@article{csikszentmihalyi2005flow,
  title={Flow},
  author={Csikszentmihalyi, Mihaly and Abuhamdeh, Sami and Nakamura, Jeanne},
  journal={Handbook of competence and motivation},
  pages={598--608},
  year={2005}
}

@inproceedings{simpson2015deep,
  title={Deep karaoke: Extracting vocals from musical mixtures using a convolutional deep neural network},
  author={Simpson, Andrew JR and Roma, Gerard and Plumbley, Mark D},
  booktitle={Latent Variable Analysis and Signal Separation: 12th International Conference, LVA/ICA 2015, Liberec, Czech Republic, August 25-28, 2015, Proceedings 12},
  pages={429--436},
  year={2015},
  organization={Springer}
}

@article{devlin2018bert,
  title={Bert: Pre-training of deep bidirectional transformers for language understanding},
  author={Devlin, Jacob and Chang, Ming-Wei and Lee, Kenton and Toutanova, Kristina},
  journal={arxiv preprint arxiv:1810.04805},
  year={2018}
}

@article{pelanek2016applications,
  title={Applications of the Elo rating system in adaptive educational systems},
  author={Pel{\'a}nek, Radek},
  journal={Computers \& Education},
  volume={98},
  pages={169--179},
  year={2016},
  publisher={Elsevier}
}

@article{romero2013data,
  title={Data mining in education},
  author={Romero, Cristobal and Ventura, Sebastian},
  journal={Wiley Interdisciplinary Reviews: Data mining and knowledge discovery},
  volume={3},
  number={1},
  pages={12--27},
  year={2013},
  publisher={Wiley Online Library}
}


@article{sparck1972statistical,
  title={A statistical interpretation of term specificity and its application in retrieval},
  author={Sparck Jones, Karen},
  journal={Journal of documentation},
  volume={28},
  number={1},
  pages={11--21},
  year={1972},
  publisher={MCB UP Ltd}
}


@article{trinh2024solving,
  title={Solving olympiad geometry without human demonstrations},
  author={Trinh, Trieu H and Wu, Yuhuai and Le, Quoc V and He, He and Luong, Thang},
  journal={Nature},
  volume={625},
  number={7995},
  pages={476--482},
  year={2024},
  publisher={Nature Publishing Group}
}

@book{villani2009optimal,
  title={Optimal transport: old and new},
  author={Villani, C{\'e}dric and others},
  volume={338},
  year={2009},
  publisher={Springer}
}


@book{микадзе2012нейропсихология,
  title={Нейропсихология детского возраста: учебное пособие},
  author={Микадзе, Юрий Владимирович},
  year={2012},
  publisher={Издательский дом" Питер"}
}


@book{выготский2014мышление,
  title={Мышление и речь},
  author={Выготский, Лев Семенович},
  year={2014},
  publisher={Directmedia}
}


@book{csikszentmihalhi2020finding,
  title={Finding flow: The psychology of engagement with everyday life},
  author={Csikszentmihalhi, Mihaly},
  year={2020},
  publisher={Hachette UK}
}


@book{jarvis2009routledge,
  title={The Routledge international handbook of lifelong learning},
  author={Jarvis, Peter},
  year={2009},
  publisher={Routledge London}
}

@article{blecher2023nougat,
  title={Nougat: Neural optical understanding for academic documents},
  author={Blecher, Lukas and Cucurull, Guillem and Scialom, Thomas and Stojnic, Robert},
  journal={arXiv preprint arXiv:2308.13418},
  year={2023}
}

@article{clement2019use,
  title={On the use of arxiv as a dataset},
  author={Clement, Colin B and Bierbaum, Matthew and O'Keeffe, Kevin P and Alemi, Alexander A},
  journal={arXiv preprint arXiv:1905.00075},
  year={2019}
}

@inproceedings{smith2007overview,
  title={An overview of the Tesseract OCR engine},
  author={Smith, Ray},
  booktitle={Ninth international conference on document analysis and recognition (ICDAR 2007)},
  volume={2},
  pages={629--633},
  year={2007},
  organization={IEEE}
}

@inproceedings{shen2021layoutparser,
  title={Layoutparser: A unified toolkit for deep learning based document image analysis},
  author={Shen, Zejiang and Zhang, Ruochen and Dell, Melissa and Lee, Benjamin Charles Germain and Carlson, Jacob and Li, Weining},
  booktitle={Document Analysis and Recognition--ICDAR 2021: 16th International Conference, Lausanne, Switzerland, September 5--10, 2021, Proceedings, Part I 16},
  pages={131--146},
  year={2021},
  organization={Springer}
}

@article{ouyang2022training,
  title={Training language models to follow instructions with human feedback},
  author={Ouyang, Long and Wu, Jeffrey and Jiang, Xu and Almeida, Diogo and Wainwright, Carroll and Mishkin, Pamela and Zhang, Chong and Agarwal, Sandhini and Slama, Katarina and Ray, Alex and others},
  journal={Advances in neural information processing systems},
  volume={35},
  pages={27730--27744},
  year={2022}
}

@inproceedings{radford2021learning,
  title={Learning transferable visual models from natural language supervision},
  author={Radford, Alec and Kim, Jong Wook and Hallacy, Chris and Ramesh, Aditya and Goh, Gabriel and Agarwal, Sandhini and Sastry, Girish and Askell, Amanda and Mishkin, Pamela and Clark, Jack and others},
  booktitle={International conference on machine learning},
  pages={8748--8763},
  year={2021},
  organization={PMLR}
}

@inproceedings{rombach2022high,
  title={High-resolution image synthesis with latent diffusion models},
  author={Rombach, Robin and Blattmann, Andreas and Lorenz, Dominik and Esser, Patrick and Ommer, Bj{\"o}rn},
  booktitle={Proceedings of the IEEE/CVF conference on computer vision and pattern recognition},
  pages={10684--10695},
  year={2022}
}


@article{chen2007flow,
  title={Flow in games (and everything else)},
  author={Chen, Jenova},
  journal={Communications of the ACM},
  volume={50},
  number={4},
  pages={31--34},
  year={2007},
  publisher={ACM New York, NY, USA}
}

@article{corbett1994knowledge,
  title={Knowledge tracing: Modeling the acquisition of procedural knowledge},
  author={Corbett, Albert T and Anderson, John R},
  journal={User modeling and user-adapted interaction},
  volume={4},
  pages={253--278},
  year={1994},
  publisher={Springer}
}


@book{kolb2014experiential,
  title={Experiential learning: Experience as the source of learning and development},
  author={Kolb, David A},
  year={2014},
  publisher={FT press}
}

@article{bloom1984,
  title={The 2 sigma problem: The search for methods of group instruction as effective as one-to-one tutoring},
  author={Bloom, Benjamin S},
  journal={Educational researcher},
  volume={13},
  number={6},
  pages={4--16},
  year={1984},
  publisher={Sage Publications Sage CA: Thousand Oaks, CA}
}

@article{wertheimer1938laws,
  title={Laws of organization in perceptual forms.},
  author={Wertheimer, Max},
  year={1938},
  publisher={Kegan Paul, Trench, Trubner \& Company}
}

@book{piaget1952origins,
  title={The origins of intelligence in children},
  author={Piaget, Jean and Cook, Margaret and others},
  volume={8},
  number={5},
  year={1952},
  publisher={International Universities Press New York}
}

@article{кругликов2006деловые,
  title={Деловые игры и другие методы активизации познавательной деятельности},
  author={Кругликов, Виктор Николаевич and Платонов, Евгений Владимирович and Шаранов, Юрий Александрович},
  year={2006},
  publisher={П-2}
}

@article{yazidi2020balanced,
  title={Balanced difficulty task finder: an adaptive recommendation method for learning tasks based on the concept of state of flow},
  author={Yazidi, Anis and Abolpour Mofrad, Asieh and Goodwin, Morten and Hammer, Hugo Lewi and Arntzen, Erik},
  journal={Cognitive Neurodynamics},
  volume={14},
  number={5},
  pages={675--687},
  year={2020},
  publisher={Springer}
}

@article{robbins1951stochastic,
  title={A stochastic approximation method},
  author={Robbins, Herbert and Monro, Sutton},
  journal={The annals of mathematical statistics},
  pages={400--407},
  year={1951},
  publisher={JSTOR}
}

@article{harold1997stochastic,
  title={Stochastic approximation and recursive algorithm and applications},
  author={Harold, J and Kushner, G and Yin, George},
  journal={Application of Mathematics},
  volume={35},
  number={10},
  year={1997}
}

@article{bahdanau2014neural,
  title={Neural machine translation by jointly learning to align and translate},
  author={Bahdanau, Dzmitry and Cho, Kyunghyun and Bengio, Yoshua},
  journal={arXiv preprint arXiv:1409.0473},
  year={2014}
}

 @misc{wallace1960plans,
title={Plans and the structure of Behavior},
author={Wallace, Anthony FC},
year={1960},
publisher={JSTOR}
}

@incollection{atkinson1968human,
  title={Human memory: A proposed system and its control processes},
  author={Atkinson, Richard C and Shiffrin, Richard M},
  booktitle={Psychology of learning and motivation},
  volume={2},
  pages={89--195},
  year={1968},
  publisher={Elsevier}
}

@article{hu2021lora,
  title={Lora: Low-rank adaptation of large language models},
  author={Hu, Edward J and Shen, Yelong and Wallis, Phillip and Allen-Zhu, Zeyuan and Li, Yuanzhi and Wang, Shean and Wang, Lu and Chen, Weizhu},
  journal={arXiv preprint arXiv:2106.09685},
  year={2021}
}


@article{robbins1951stochastic,
  title={A stochastic approximation method},
  author={Robbins, Herbert and Monro, Sutton},
  journal={The annals of mathematical statistics},
  pages={400--407},
  year={1951},
  publisher={JSTOR}
}


@article{llamatouvron2023,
  title={Llama: Open and efficient foundation language models},
  author={Touvron, Hugo and Lavril, Thibaut and Izacard, Gautier and Martinet, Xavier and Lachaux, Marie-Anne and Lacroix, Timoth{\'e}e and Rozi{\`e}re, Baptiste and Goyal, Naman and Hambro, Eric and Azhar, Faisal and others},
  journal={arXiv preprint arXiv:2302.13971},
  year={2023}
}

@article{jiang2024mixtral,
  title={Mixtral of experts},
  author={Jiang, Albert Q and Sablayrolles, Alexandre and Roux, Antoine and Mensch, Arthur and Savary, Blanche and Bamford, Chris and Chaplot, Devendra Singh and Casas, Diego de las and Hanna, Emma Bou and Bressand, Florian and others},
  journal={arXiv preprint arXiv:2401.04088},
  year={2024}
}

@article{jiang2023mistral,
  title={Mistral 7B},
  author={Jiang, Albert Q and Sablayrolles, Alexandre and Mensch, Arthur and Bamford, Chris and Chaplot, Devendra Singh and Casas, Diego de las and Bressand, Florian and Lengyel, Gianna and Lample, Guillaume and Saulnier, Lucile and others},
  journal={arXiv preprint arXiv:2310.06825},
  year={2023}
}

@article{badrinath2021pybkt,
  title={pybkt: An accessible python library of bayesian knowledge tracing models},
  author={Badrinath, Anirudhan and Wang, Frederic and Pardos, Zachary},
  journal={arXiv preprint arXiv:2105.00385},
  year={2021}
}


@article{corbett1994knowledge,
  title={Knowledge tracing: Modeling the acquisition of procedural knowledge},
  author={Corbett, Albert T and Anderson, John R},
  journal={User modeling and user-adapted interaction},
  volume={4},
  pages={253--278},
  year={1994},
  publisher={Springer}
}


@article{kingma2014adam,
  title={Adam: A method for stochastic optimization},
  author={Kingma, Diederik P and Ba, Jimmy},
  journal={arXiv preprint arXiv:1412.6980},
  year={2014}
}

@inproceedings{ioffe2015batch,
title={Batch normalization: Accelerating deep network training by reducing internal covariate shift},
author={Ioffe, Sergey and Szegedy, Christian},
booktitle={International conference on machine learning},
pages={448--456},
year={2015},
organization={pmlr}
}


@article{lewis2020retrieval,
  title={Retrieval-augmented generation for knowledge-intensive nlp tasks},
  author={Lewis, Patrick and Perez, Ethan and Piktus, Aleksandra and Petroni, Fabio and Karpukhin, Vladimir and Goyal, Naman and K{\"u}ttler, Heinrich and Lewis, Mike and Yih, Wen-tau and Rockt{\"a}schel, Tim and others},
  journal={Advances in Neural Information Processing Systems},
  volume={33},
  pages={9459--9474},
  year={2020}
}

@article{schick2024toolformer,
  title={Toolformer: Language models can teach themselves to use tools},
  author={Schick, Timo and Dwivedi-Yu, Jane and Dess{\`\i}, Roberto and Raileanu, Roberta and Lomeli, Maria and Hambro, Eric and Zettlemoyer, Luke and Cancedda, Nicola and Scialom, Thomas},
  journal={Advances in Neural Information Processing Systems},
  volume={36},
  year={2024}
}


@article{parisi2022talm,
  title={Talm: Tool augmented language models},
  author={Parisi, Aaron and Zhao, Yao and Fiedel, Noah},
  journal={arXiv preprint arXiv:2205.12255},
  year={2022}
}

@article{zhao2023survey,
  title={A survey of large language models},
  author={Zhao, Wayne Xin and Zhou, Kun and Li, Junyi and Tang, Tianyi and Wang, Xiaolei and Hou, Yupeng and Min, Yingqian and Zhang, Beichen and Zhang, Junjie and Dong, Zican and others},
  journal={arXiv preprint arXiv:2303.18223},
  year={2023}
}

@article{anderson2015desire,
  title={Is the desire for status a fundamental human motive? A review of the empirical literature.},
  author={Anderson, Cameron and Hildreth, John Angus D and Howland, Laura},
  journal={Psychological bulletin},
  volume={141},
  number={3},
  pages={574},
  year={2015},
  publisher={American Psychological Association}
}

@article{ridgeway2006consensus,
  title={Consensus and the creation of status beliefs},
  author={Ridgeway, Cecilia L and Correll, Shelley J},
  journal={Social Forces},
  volume={85},
  number={1},
  pages={431--453},
  year={2006},
  publisher={The University of North Carolina Press}
}

@article{pease1980reaching,
  title={Reaching agreement in the presence of faults},
  author={Pease, Marshall and Shostak, Robert and Lamport, Leslie},
  journal={Journal of the ACM (JACM)},
  volume={27},
  number={2},
  pages={228--234},
  year={1980},
  publisher={ACM New York, NY, USA}
}

@incollection{lamport2019time,
  title={Time, clocks, and the ordering of events in a distributed system},
  author={Lamport, Leslie},
  booktitle={Concurrency: the Works of Leslie Lamport},
  pages={179--196},
  year={2019}
}

@article{agarap2018deep,
  title={Deep learning using rectified linear units (relu)},
  author={Agarap, Abien Fred},
  journal={arXiv preprint arXiv:1803.08375},
  year={2018}
}

@article{hendrycks2016gaussian,
  title={Gaussian error linear units (gelus)},
  author={Hendrycks, Dan and Gimpel, Kevin},
  journal={arXiv preprint arXiv:1606.08415},
  year={2016}
}


@article{yanovsky2021one,
  title={One size does not fit all: A study of badge behavior in stack overflow},
  author={Yanovsky, Stav and Hoernle, Nicholas and Lev, Omer and Gal, Kobi},
  journal={Journal of the Association for Information Science and Technology},
  volume={72},
  number={3},
  pages={331--345},
  year={2021},
  publisher={Wiley Online Library}
}


@article{lecun2006tutorial,
  title={A tutorial on energy-based learning},
  author={LeCun, Yann and Chopra, Sumit and Hadsell, Raia and Ranzato, M and Huang, Fujie},
  journal={Predicting structured data},
  volume={1},
  number={0},
  year={2006}
}

@article{woodworth2016tight,
  title={Tight complexity bounds for optimizing composite objectives},
  author={Woodworth, Blake E and Srebro, Nati},
  journal={Advances in neural information processing systems},
  volume={29},
  year={2016}
}

@inproceedings{NEURIPS2021_3c63ec7b,
 author = {Woodworth, Blake E and Srebro, Nathan},
 booktitle = {Advances in Neural Information Processing Systems},
 editor = {M. Ranzato and A. Beygelzimer and Y. Dauphin and P.S. Liang and J. Wortman Vaughan},
 pages = {7333--7345},
 publisher = {Curran Associates, Inc.},
 title = {An Even More Optimal Stochastic Optimization Algorithm: Minibatching and Interpolation Learning},
 volume = {34},
 year = {2021}
}


@article{nesterov2015universal,
  title={Universal gradient methods for convex optimization problems},
  author={Nesterov, Yu},
  journal={Mathematical Programming},
  volume={152},
  number={1},
  pages={381--404},
  year={2015},
  publisher={Springer}
}
@article{duchi2021asymptotic,
  title={Asymptotic optimality in stochastic optimization},
  author={Duchi, John C and Ruan, Feng},
  year={2021}
}

@book{pearl1988probabilistic,
    title={Probabilistic reasoning in intelligent systems: networks of plausible inference},
    author={Pearl, Judea},
    year={1988},
    publisher={Morgan kaufmann}
}

@article{goodfellow2020generative,
  title={Generative adversarial networks},
  author={Goodfellow, Ian and Pouget-Abadie, Jean and Mirza, Mehdi and Xu, Bing and Warde-Farley, David and Ozair, Sherjil and Courville, Aaron and Bengio, Yoshua},
  journal={Communications of the ACM},
  volume={63},
  number={11},
  pages={139--144},
  year={2020},
  publisher={ACM New York, NY, USA}
}

@article{song2020score,
  title={Score-based generative modeling through stochastic differential equations},
  author={Song, Yang and Sohl-Dickstein, Jascha and Kingma, Diederik P and Kumar, Abhishek and Ermon, Stefano and Poole, Ben},
  journal={arXiv preprint arXiv:2011.13456},
  year={2020}
}

@article{myerson1981optimal,
  title={Optimal auction design},
  author={Myerson, Roger B},
  journal={Mathematics of operations research},
  volume={6},
  number={1},
  pages={58--73},
  year={1981},
  publisher={INFORMS}
}

@article{bulow1989simple,
  title={The simple economics of optimal auctions},
  author={Bulow, Jeremy and Roberts, John},
  journal={Journal of political economy},
  volume={97},
  number={5},
  pages={1060--1090},
  year={1989},
  publisher={The University of Chicago Press}
}

@article{lord1956measurement,
  title={The measurement of growth},
  author={Lord, Frederic M},
  journal={ETS Research Bulletin Series},
  volume={1956},
  number={1},
  pages={i--22},
  year={1956},
  publisher={Wiley Online Library}
}

@article{bulut2023introduction,
  title={An introduction to Bayesian knowledge tracing with pyBKT},
  author={Bulut, Okan and Shin, Jinnie and Yildirim-Erbasli, Seyma N and Gorgun, Guher and Pardos, Zachary A},
  journal={Psych},
  volume={5},
  number={3},
  pages={770--786},
  year={2023},
  publisher={MDPI}
}

@article{richtarik2016parallel,
  title={Parallel coordinate descent methods for big data optimization},
  author={Richt{\'a}rik, Peter and Tak{\'a}{\v{c}}, Martin},
  journal={Mathematical Programming},
  volume={156},
  pages={433--484},
  year={2016},
  publisher={Springer}
}

@article{alistarh2017qsgd,
  title={QSGD: Communication-efficient SGD via gradient quantization and encoding},
  author={Alistarh, Dan and Grubic, Demjan and Li, Jerry and Tomioka, Ryota and Vojnovic, Milan},
  journal={Advances in neural information processing systems},
  volume={30},
  year={2017}
}


@article{jordan1998variational,
  title={The variational formulation of the Fokker--Planck equation},
  author={Jordan, Richard and Kinderlehrer, David and Otto, Felix},
  journal={SIAM journal on mathematical analysis},
  volume={29},
  number={1},
  pages={1--17},
  year={1998},
  publisher={SIAM}
}

@article{benamou2000computational,
  title={A computational fluid mechanics solution to the Monge-Kantorovich mass transfer problem},
  author={Benamou, Jean-David and Brenier, Yann},
  journal={Numerische Mathematik},
  volume={84},
  number={3},
  pages={375--393},
  year={2000},
  publisher={Springer-Verlag Berlin/Heidelberg}
}

@article{devlin2018bert,
  title={Bert: Pre-training of deep bidirectional transformers for language understanding},
  author={Devlin, Jacob and Chang, Ming-Wei and Lee, Kenton and Toutanova, Kristina},
  journal={arXiv preprint arXiv:1810.04805},
  year={2018}
}

@article{вапник1974теория,
  title={Теория распознавания образов. Статистические проблемы обучения},
  author={Вапник ВН, Червоненкис АЯ},
  year={1974}
}


@article{kantorovich1960mathematical,
  title={Mathematical methods of organizing and planning production},
  author={Kantorovich, Leonid V},
  journal={Management science},
  volume={6},
  number={4},
  pages={366--422},
  year={1960},
}

@article{stich2019unified,
  title={Unified optimal analysis of the (stochastic) gradient method},
  author={Stich, Sebastian U},
  journal={arXiv preprint arXiv:1907.04232},
  year={2019}
}

@article{szlendak2021permutation,
  title={Permutation compressors for provably faster distributed nonconvex optimization},
  author={Szlendak, Rafa{\l} and Tyurin, Alexander and Richt{\'a}rik, Peter},
  journal={arXiv preprint arXiv:2110.03300},
  year={2021}
}

@inproceedings{karimireddy2020scaffold,
  title={Scaffold: Stochastic controlled averaging for federated learning},
  author={Karimireddy, Sai Praneeth and Kale, Satyen and Mohri, Mehryar and Reddi, Sashank and Stich, Sebastian and Suresh, Ananda Theertha},
  booktitle={International conference on machine learning},
  pages={5132--5143},
  year={2020},
  organization={PMLR}
}

@article{nesterov2006cubic,
  title={Cubic regularization of Newton method and its global performance},
  author={Nesterov, Yurii and Polyak, Boris T},
  journal={Mathematical programming},
  volume={108},
  number={1},
  pages={177--205},
  year={2006},
  publisher={Springer}
}

@article{hochreiter1997long,
  title={Long short-term memory},
  author={Hochreiter, Sepp and Schmidhuber},
  journal={Neural computation},
  volume={9},
  number={8},
  pages={1735--1780},
  year={1997},
  publisher={MIT press}
}

@article{chung2014empirical,
  title={Empirical evaluation of gated recurrent neural networks on sequence modeling},
  author={Chung, Junyoung and Gulcehre, Caglar and Cho, KyungHyun and Bengio, Yoshua},
  journal={arXiv preprint arXiv:1412.3555},
  year={2014}
}

@article{polyak1990new,
  title={New stochastic approximation type procedures},
  author={Polyak, Boris T},
  journal={Automat. i Telemekh},
  volume={7},
  number={98-107},
  pages={2},
  year={1990}
}

@article{nemirovskij1983problem,
  title={Problem complexity and method efficiency in optimization},
  author={Nemirovskij, Arkadij Semenovic and Yudin, David Borisovich},
  year={1983},
  publisher={Wiley-Interscience}
}


@book{frank2005nonlinear,
  title={Nonlinear Fokker-Planck equations: fundamentals and applications},
  author={Frank, Till Daniel},
  year={2005},
  publisher={Springer Science \& Business Media}
}

@article{yazidi2020balanced,
  title={Balanced difficulty task finder: an adaptive recommendation method for learning tasks based on the concept of state of flow},
  author={Yazidi, Anis and Abolpour Mofrad, Asieh and Goodwin, Morten and Hammer, Hugo Lewi and Arntzen, Erik},
  journal={Cognitive Neurodynamics},
  volume={14},
  number={5},
  pages={675--687},
  year={2020},
  publisher={Springer}
}

@article{robbins1951stochastic,
  title={A stochastic approximation method},
  author={Robbins, Herbert and Monro, Sutton},
  journal={The annals of mathematical statistics},
  pages={400--407},
  year={1951},
  publisher={JSTOR}
}

@article{ng1969table,
  title={A table of integrals of the error functions},
  author={Ng, Edward W and Geller, Murray},
  journal={Journal of Research of the National Bureau of Standards B},
  volume={73},
  number={1},
  pages={1--20},
  year={1969}
}

@Article{         harris2020array,
 title         = {Array programming with {NumPy}},
 author        = {Charles R. Harris and K. Jarrod Millman and St{\'{e}}fan J.
                 van der Walt and Ralf Gommers and Pauli Virtanen and David
                 Cournapeau and Eric Wieser and Julian Taylor and Sebastian
                 Berg and Nathaniel J. Smith and Robert Kern and Matti Picus
                 and Stephan Hoyer and Marten H. van Kerkwijk and Matthew
                 Brett and Allan Haldane and Jaime Fern{\'{a}}ndez del
                 R{\'{i}}o and Mark Wiebe and Pearu Peterson and Pierre
                 G{\'{e}}rard-Marchant and Kevin Sheppard and Tyler Reddy and
                 Warren Weckesser and Hameer Abbasi and Christoph Gohlke and
                 Travis E. Oliphant},
 year          = {2020},
 month         = sep,
 journal       = {Nature},
 volume        = {585},
 number        = {7825},
 pages         = {357--362},
 publisher     = {Springer Science and Business Media {LLC}},
}

@Article{Hunter:2007,
  Author    = {Hunter, J. D.},
  Title     = {Matplotlib: A 2D graphics environment},
  Journal   = {Computing in Science \& Engineering},
  Volume    = {9},
  Number    = {3},
  Pages     = {90--95},
  abstract  = {Matplotlib is a 2D graphics package used for Python for
  application development, interactive scripting, and publication-quality
  image generation across user interfaces and operating systems.},
  publisher = {IEEE COMPUTER SOC},
  year      = 2007
}

@article{box1959design,
  title={Design of experiments in non-linear situations},
  author={Box, George EP and Lucas, Henry L},
  journal={Biometrika},
  volume={46},
  number={1/2},
  pages={77--90},
  year={1959},
  publisher={JSTOR}
}


@article{lai1979adaptive,
  title={Adaptive design and stochastic approximation},
  author={Lai, Tze Leung and Robbins, Herbert},
  journal={The annals of Statistics},
  pages={1196--1221},
  year={1979},
  publisher={JSTOR}
}

@article{liu2024robbins,
  title={A Robbins--Monro Sequence That Can Exploit Prior Information For Faster Convergence},
  author={Liu, Siwei and Ma, Ke and Goetz, Stephan M},
  journal={arXiv preprint arXiv:2401.03206},
  year={2024}
}

@article{joseph2004efficient,
  title={Efficient Robbins--Monro procedure for binary data},
  author={Joseph, V Roshan},
  journal={Biometrika},
  volume={91},
  number={2},
  pages={461--470},
  year={2004},
  publisher={Oxford University Press}
}


@article{hu1998sequential,
  title={On sequential designs in nonlinear problems},
  author={Hu, Inchi},
  journal={Biometrika},
  volume={85},
  number={2},
  pages={496--503},
  year={1998},
  publisher={Oxford University Press}
}

@article{hu1997strong,
  title={Strong consistency in stochastic regression models via posterior covariance matrices},
  author={Hu, Inchi},
  journal={Biometrika},
  volume={84},
  number={3},
  pages={744--749},
  year={1997},
  publisher={Oxford University Press}
}

@article{xiong2018efficient,
  title={Efficient Robbins--Monro procedure for multivariate binary data},
  author={Xiong, Cui and Xu, Jin},
  journal={Statistical Theory and Related Fields},
  volume={2},
  number={2},
  pages={172--180},
  year={2018},
  publisher={Taylor \& Francis}
}

@article{blum1954approximation,
  title={Approximation methods which converge with probability one},
  author={Blum, Julius R},
  journal={The Annals of Mathematical Statistics},
  pages={382--386},
  year={1954},
  publisher={JSTOR}
}

@article{sacks1958asymptotic,
  title={Asymptotic distribution of stochastic approximation procedures},
  author={Sacks, Jerome},
  journal={The Annals of Mathematical Statistics},
  volume={29},
  number={2},
  pages={373--405},
  year={1958},
  publisher={JSTOR}
}

@article{burgoyne2016relationship,
  title={The relationship between cognitive ability and chess skill: A comprehensive meta-analysis},
  author={Burgoyne, Alexander P and Sala, Giovanni and Gobet, Fernand and Macnamara, Brooke N and Campitelli, Guillermo and Hambrick, David Z},
  journal={Intelligence},
  volume={59},
  pages={72--83},
  year={2016},
  publisher={Elsevier}
}

@article{wheaton2011teaching,
  title={Teaching strategic intelligence through games},
  author={Wheaton, Kristan J},
  journal={International Journal of intelligence and CounterIntelligence},
  volume={24},
  number={2},
  pages={367--382},
  year={2011},
  publisher={Taylor \& Francis}
}


@article{xiong2018efficient,
  title={Efficient Robbins--Monro procedure for multivariate binary data},
  author={Xiong, Cui and Xu, Jin},
  journal={Statistical Theory and Related Fields},
  volume={2},
  number={2},
  pages={172--180},
  year={2018},
  publisher={Taylor \& Francis}
}

@inproceedings{prihatno2020artificial,
  title={Artificial intelligence platform based for smart factory},
  author={Prihatno, Aji Teguh and Nurcahyanto, Himawan and Jang, Yeong Min},
  booktitle={Proceedings of the Korea Artificial Intelligence Conference, Pyeongchang, Korea},
  pages={16--18},
  year={2020}
}

@article{tinn2023fine,
  title={Fine-tuning large neural language models for biomedical natural language processing},
  author={Tinn, Robert and Cheng, Hao and Gu, Yu and Usuyama, Naoto and Liu, Xiaodong and Naumann, Tristan and Gao, Jianfeng and Poon, Hoifung},
  journal={Patterns},
  volume={4},
  number={4},
  year={2023},
  publisher={Elsevier}
}

@article{kingma2013auto,
  title={Auto-encoding variational bayes},
  author={Kingma, Diederik P and Welling, Max},
  journal={arXiv preprint arXiv:1312.6114},
  year={2013}
}

@article{duchi2011adaptive,
  title={Adaptive subgradient methods for online learning and stochastic optimization.},
  author={Duchi, John and Hazan, Elad and Singer, Yoram},
  journal={Journal of machine learning research},
  volume={12},
  number={7},
  year={2011}
}

@article{krizhevsky2012imagenet,
  title={Imagenet classification with deep convolutional neural networks},
  author={Krizhevsky, Alex and Sutskever, Ilya and Hinton, Geoffrey E},
  journal={Advances in neural information processing systems},
  volume={25},
  year={2012}
}

@article{reddi2019convergence,
  title={On the convergence of adam and beyond},
  author={Reddi, Sashank J and Kale, Satyen and Kumar, Sanjiv},
  journal={arXiv preprint arXiv:1904.09237},
  year={2019}
}


@article{yin1993continuous,
  title={On a continuous time stochastic approximation problem},
  author={Yin, G and Gupta, Ishita},
  journal={Acta Applicandae Mathematica},
  volume={33},
  pages={3--20},
  year={1993},
  publisher={Springer}
}

@article{bai2023qwen,
  title={Qwen-vl: A versatile vision-language model for understanding, localization, text reading, and beyond},
  author={Bai, Jinze and Bai, Shuai and Yang, Shusheng and Wang, Shijie and Tan, Sinan and Wang, Peng and Lin, Junyang and Zhou, Chang and Zhou, Jingren},
  year={2023}
}

@article{bubeck2023sparks,
  title={Sparks of artificial general intelligence: Early experiments with gpt-4},
  author={Bubeck, Sebastien and Chandrasekaran},
  journal={arXiv preprint arXiv:2303.12712},
  year={2023}
}

@article{bordt2023chatgpt,
  title={Chatgpt participates in a computer science exam},
  author={Bordt, Sebastian and von Luxburg, Ulrike},
  journal={arXiv preprint arXiv:2303.09461},
  year={2023}
}


@inproceedings{gusev2020dataset,
  title={Dataset for automatic summarization of Russian news},
  author={Gusev, Ilya},
  pages={122--134},
  year={2020},
  organization={Springer}
}

@inproceedings{ivanov2023new,
  title={A new dataset for sentence-level complexity in Russian},
  author={Ivanov, Vladimir and Gamal, Elbayoumi Mohamed},
  booktitle={Proceedings of the International Conference “Dialogue},
  volume={2023},
  year={2023}
}

@inproceedings{dmitrieva2023automatic,
  title={Automatic text simplification of Russian texts using control tokens},
  author={Dmitrieva, Anna},
  booktitle={Proceedings of the 9th Workshop on Slavic Natural Language Processing 2023 (SlavicNLP 2023)},
  pages={70--77},
  year={2023}
}

@article{hung2022multi2woz,
  title={Multi2WOZ: A robust multilingual dataset and conversational pretraining for task-oriented dialog},
  author={Hung, Chia-Chien and Lauscher, Anne and Vuli{\'c}, Ivan and Ponzetto, Simone Paolo and Glava{\v{s}}, Goran},
  journal={arXiv preprint arXiv:2205.10400},
  year={2022}
}


@article{bradley1952rank,
  title={Rank analysis of incomplete block designs: I. The method of paired comparisons},
  author={Bradley, Ralph Allan and Terry, Milton E},
  journal={Biometrika},
  volume={39},
  number={3/4},
  pages={324--345},
  year={1952},
  publisher={JSTOR}
}

@article{radford2019language,
  title={Language models are unsupervised multitask learners},
  author={Radford, Alec and Wu, Jeffrey and Child, Rewon and Luan, David and Amodei, Dario and Sutskever, Ilya and others},
  journal={OpenAI blog},
  volume={1},
  number={8},
  pages={9},
  year={2019}
}

@article{rumelhart1986learning,
  title={Learning representations by back-propagating errors},
  author={Rumelhart, David E and Hinton, Geoffrey E and Williams, Ronald J},
  journal={nature},
  volume={323},
  number={6088},
  pages={533--536},
  year={1986},
  publisher={Nature Publishing Group UK London}
}

@article{baydin2018automatic,
  title={Automatic differentiation in machine learning: a survey},
  author={Baydin, Atilim Gunes and Pearlmutter, Barak A and Radul, Alexey Andreyevich and Siskind, Jeffrey Mark},
  journal={Journal of machine learning research},
  volume={18},
  number={153},
  pages={1--43},
  year={2018}
}

@article{paszke2017automatic,
  title={Automatic differentiation in pytorch},
  author={Paszke, Adam and Gross, Sam and Chintala, Soumith and Chanan, Gregory and Yang, Edward and DeVito, Zachary and Lin, Zeming and Desmaison, Alban and Antiga, Luca and Lerer, Adam},
  year={2017}
}

@article{kramer1991nonlinear,
  title={Nonlinear principal component analysis using autoassociative neural networks},
  author={Kramer, Mark A},
  journal={AIChE journal},
  volume={37},
  number={2},
  pages={233--243},
  year={1991},
  publisher={Wiley Online Library}
}

@article{ascenso2021white,
  title={White paper on jpeg ai scope and framework v1. 0},
  author={Ascenso, Jo{\'a}o and Upenik, Evgeniy},
  journal={ISO/IEC JTC 1/SC 29/WG1 N90049},
  year={2021}
}

@incollection{bell2019coming,
  title={The coming of post-industrial society},
  author={Bell, Daniel},
  booktitle={Social Stratification, Class, Race, and Gender in Sociological Perspective, Second Edition},
  pages={805--817},
  year={2019},
  publisher={Routledge}
}


@book{brennan2006educational,
  title={Educational measurement},
  author={Brennan, Robert L and National Council on Measurement in Education and others},
  year={2006},
  publisher={Praeger Publishers,}
}

@book{bentham1996collected,
  title={The collected works of Jeremy Bentham: An introduction to the principles of morals and legislation},
  author={Bentham, Jeremy},
  year={1996},
  publisher={Clarendon Press}
}

@article{gibbard1973manipulation,
  title={Manipulation of voting schemes: a general result},
  author={Gibbard, Allan},
  journal={Econometrica: journal of the Econometric Society},
  pages={587--601},
  year={1973},
  publisher={JSTOR}
}


@techreport{harris1955fundamentals,
  title={Fundamentals of a method for evaluating rail net capacities},
  author={Harris, TE and Ross, FS},
  year={1955},
  institution={Rand Corporation}
}

@article{nash1950bargaining,
  title={The bargaining problem},
  author={Nash, John F and others},
  journal={Econometrica},
  volume={18},
  number={2},
  pages={155--162},
  year={1950}
}


@article{riley1981optimal,
  title={Optimal auctions},
  author={Riley, John G and Samuelson, William F},
  journal={The American Economic Review},
  volume={71},
  number={3},
  pages={381--392},
  year={1981},
  publisher={JSTOR}
}

@article{roth2004kidney,
  title={Kidney exchange},
  author={Roth, Alvin E and S{\"o}nmez, Tayfun and {\"U}nver, M Utku},
  journal={The Quarterly journal of economics},
  volume={119},
  number={2},
  pages={457--488},
  year={2004},
  publisher={MIT Press}
}


@article{bock1981marginal,
  title={Marginal maximum likelihood estimation of item parameters: Application of an EM algorithm},
  author={Bock, R Darrell and Aitkin, Murray},
  journal={Psychometrika},
  volume={46},
  number={4},
  pages={443--459},
  year={1981},
  publisher={Springer}
}

@book{lord2012applications,
  title={Applications of item response theory to practical testing problems},
  author={Lord, Frederic M},
  year={2012},
  publisher={Routledge}
}

@article{kingston1985exploratory,
  title={AN EXPLORATORY STUDY OF THE APPLICABILITY OF ITEM RESPONSE THEORY METHODS TO THE GRADUATE MANAGEMENT ADMISSION TEST 1},
  author={Kingston, Neal and Leary, Linda and Wightman, Larry},
  journal={ETS Research Report Series},
  volume={1985},
  number={2},
  pages={i--56},
  year={1985},
  publisher={Wiley Online Library}
}

@article{traub1997classical,
  title={Classical test theory in historical perspective},
  author={Traub, Ross E},
  journal={Educational Measurement},
  volume={16},
  pages={8--13},
  year={1997},
  publisher={NATIONAL COUNCIL ON MEASUREMENT IN EDUCATION}
}

@article{van1994likert,
  title={Likert or Rasch? Nothing is more applicable than good theory},
  author={Van Alphen, Arnold and Halfens, Ruud and Hasman, Arie and Imbos, Tjaart},
  journal={Journal of advanced nursing},
  volume={20},
  number={1},
  pages={196--201},
  year={1994},
  publisher={Wiley Online Library}
}

@book{abbott2003ict,
  title={ICT: Changing education},
  author={Abbott, Chris},
  year={2003},
  publisher={Routledge}
}

@book{straatemeier2014math,
  title={Math Garden: A new educational and scientific instrument},
  author={Straatemeier, Marthe and others},
  year={2014},
}

@article{manouselis2011recommender,
  title={Recommender systems in technology enhanced learning},
  author={Manouselis, Nikos and Drachsler, Hendrik and Vuorikari, Riina and Hummel, Hans and Koper, Rob},
  journal={Recommender systems handbook},
  pages={387--415},
  year={2011},
  publisher={Springer}
}

@inproceedings{bogoradnikova2021multilingual,
  title={Multilingual sentiment analysis and toxicity detection for text messages in russian},
  author={Bogoradnikova, Darya and Makhnytkina, Olesia and Matveev, Anton and Zakharova, Anastasia and Akulov, Artem},
  booktitle={2021 29th Conference of Open Innovations Association (FRUCT)},
  pages={55--64},
  year={2021},
  organization={IEEE}
}


@inproceedings{radford2021learning,
  title={Learning transferable visual models from natural language supervision},
  author={Radford, Alec and Kim, Jong Wook and Hallacy, Chris and Ramesh, Aditya and Goh, Gabriel and Agarwal, Sandhini and Sastry, Girish and Askell, Amanda and Mishkin, Pamela and Clark, Jack and others},
  booktitle={International conference on machine learning},
  pages={8748--8763},
  year={2021},
  organization={PMLR}
}

@article{groves1973incentives,
  title={Incentives in teams},
  author={Groves, Theodore},
  journal={Econometrica: Journal of the Econometric Society},
  pages={617--631},
  year={1973},
  publisher={JSTOR}
}

@article{zhao2023survey,
  title={A survey of large language models},
  author={Zhao, Wayne Xin and Zhou, Kun and Li, Junyi and Tang, Tianyi and Wang, Xiaolei and Hou, Yupeng and Min, Yingqian and Zhang, Beichen and Zhang, Junjie and Dong, Zican and others},
  journal={arXiv preprint arXiv:2303.18223},
  year={2023}
}

@article{wang2020generalizing,
  title={Generalizing from a few examples: A survey on few-shot learning},
  author={Wang, Yaqing and Yao, Quanming and Kwok, James T and Ni, Lionel M},
  journal={ACM computing surveys (csur)},
  volume={53},
  number={3},
  pages={1--34},
  year={2020},
  publisher={ACM New York, NY, USA}
}


@article{hunter2004mm,
  title={MM algorithms for generalized Bradley-Terry models},
  author={Hunter, David R},
  journal={The annals of statistics},
  volume={32},
  number={1},
  pages={384--406},
  year={2004},
  publisher={Institute of Mathematical Statistics}
}

@article{hospedales2021meta,
  title={Meta-learning in neural networks: A survey},
  author={Hospedales, Timothy and Antoniou, Antreas and Micaelli, Paul and Storkey, Amos},
  journal={IEEE transactions on pattern analysis and machine intelligence},
  volume={44},
  number={9},
  pages={5149--5169},
  year={2021},
  publisher={IEEE}
}

@article{zhang2023instruction,
  title={Instruction tuning for large language models: A survey},
  author={Zhang, Shengyu and Dong, Linfeng and Li, Xiaoya and Zhang, Sen and Sun, Xiaofei and Wang, Shuhe and Li, Jiwei and Hu, Runyi and Zhang, Tianwei and Wu, Fei and others},
  journal={arXiv preprint arXiv:2308.10792},
  year={2023}
}

@article{wang2023pandalm,
  title={Pandalm: An automatic evaluation benchmark for llm instruction tuning optimization},
  author={Wang, Yidong and Yu, Zhuohao and Zeng, Zhengran and Yang, Linyi and Wang, Cunxiang and Chen, Hao and Jiang, Chaoya and Xie, Rui and Wang, Jindong and Xie, Xing and others},
  journal={arXiv preprint arXiv:2306.05087},
  year={2023}
}

@article{zhong2023agieval,
  title={Agieval: A human-centric benchmark for evaluating foundation models},
  author={Zhong, Wanjun and Cui, Ruixiang and Guo, Yiduo and Liang, Yaobo and Lu, Shuai and Wang, Yanlin and Saied, Amin and Chen, Weizhu and Duan, Nan},
  journal={arXiv preprint arXiv:2304.06364},
  year={2023}
}

@article{chollet2019measure,
  title={On the measure of intelligence},
  author={Chollet, Francois},
  journal={arXiv preprint arXiv:1911.01547},
  year={2019}
}

@article{hendrycks2020measuring,
  title={Measuring massive multitask language understanding},
  author={Hendrycks, Dan and Burns, Collin and Basart, Steven and Zou, Andy and Mazeika, Mantas and Song, Dawn and Steinhardt, Jacob},
  journal={arXiv preprint arXiv:2009.03300},
  year={2020}
}

@article{cobbe2021training,
  title={Training verifiers to solve math word problems},
  author={Cobbe, Karl and Kosaraju, Vineet and Bavarian, Mohammad and Chen, Mark and Jun, Heewoo and Kaiser, Lukasz and Plappert, Matthias and Tworek, Jerry and Hilton, Jacob and Nakano, Reiichiro and others},
  journal={arXiv preprint arXiv:2110.14168},
  year={2021}
}

@article{guha2024legalbench,
  title={Legalbench: A collaboratively built benchmark for measuring legal reasoning in large language models},
  author={Guha, Neel and Nyarko, Julian and Ho, Daniel and R{\'e}, Christopher and Chilton, Adam and Chohlas-Wood, Alex and Peters, Austin and Waldon, Brandon and Rockmore, Daniel and Zambrano, Diego and others},
  journal={Advances in Neural Information Processing Systems},
  volume={36},
  year={2024}
}

@article{rein2023gpqa,
  title={Gpqa: A graduate-level google-proof q\&a benchmark},
  author={Rein, David and Hou, Betty Li and Stickland, Asa Cooper and Petty, Jackson and Pang, Richard Yuanzhe and Dirani, Julien and Michael, Julian and Bowman, Samuel R},
  journal={arXiv preprint arXiv:2311.12022},
  year={2023}
}

@book{efron1994introduction,
  title={An introduction to the bootstrap},
  author={Efron, Bradley and Tibshirani, Robert J},
  year={1994},
  publisher={Chapman and Hall/CRC}
}

@article{groves1973incentives,
  title={Incentives in teams},
  author={Groves, Theodore},
  journal={Econometrica: Journal of the Econometric Society},
  pages={617--631},
  year={1973},
  publisher={JSTOR}
}

@article{kuhn1955hungarian,
  title={The Hungarian method for the assignment problem},
  author={Kuhn, Harold W},
  journal={Naval research logistics quarterly},
  volume={2},
  number={1-2},
  pages={83--97},
  year={1955},
  publisher={Wiley Online Library}
}

@article{marschak1955elements,
  title={Elements for a theory of teams},
  author={Marschak, Jakob},
  journal={Management science},
  volume={1},
  number={2},
  pages={127--137},
  year={1955},
  publisher={INFORMS}
}

@book{marschak1972economic,
  title={Economic Theory of Teams.},
  author={Marschak, Jacob and Radner, Roy},
  year={1972}
}

@article{radner1962team,
  title={Team decision problems},
  author={Radner, Roy},
  journal={The Annals of Mathematical Statistics},
  volume={33},
  number={3},
  pages={857--881},
  year={1962},
  publisher={JSTOR}
}

@article{francis2005disclosure,
  title={Disclosure incentives and effects on cost of capital around the world},
  author={Francis, Jere R and Khurana, Inder K and Pereira, Raynolde},
  journal={The accounting review},
  volume={80},
  number={4},
  pages={1125--1162},
  year={2005}
}

@article{holmstrom1982moral,
  title={Moral hazard in teams},
  author={Holmstrom, Bengt},
  journal={The Bell journal of economics},
  pages={324--340},
  year={1982},
  publisher={JSTOR}
}

@article{krasulina2007,
  title={Об односторонней сходимости процесса Роббинса—Монро при малых шагах},
  author={Красулина, Татьяна Павловна},
  journal={Вестник Санкт-Петербургского университета. Математика. Механика. Астрономия},
  number={4},
  pages={67--72},
  year={2007},
  publisher={Федеральное государственное бюджетное образовательное учреждение высшего~…}
}

@article{bojanowski2017enriching,
  title={Enriching word vectors with subword information},
  author={Bojanowski, Piotr and Grave, Edouard and Joulin, Armand and Mikolov, Tomas},
  journal={Transactions of the association for computational linguistics},
  volume={5},
  pages={135--146},
  year={2017},
  publisher={MIT Press One Rogers Street, Cambridge, MA 02142-1209, USA journals-info~…}
}

@article{mikolov2013efficient,
  title={Efficient estimation of word representations in vector space},
  author={Mikolov, Tomas and Chen, Kai and Corrado, Greg and Dean, Jeffrey},
  journal={arXiv preprint arXiv:1301.3781},
  year={2013}
}

@article{dinh2016density,
  title={Density estimation using real nvp},
  author={Dinh, Laurent and Sohl-Dickstein, Jascha and Bengio, Samy},
  journal={arXiv preprint arXiv:1605.08803},
  year={2016}
}

@article{dinh2014nice,
  title={Nice: Non-linear independent components estimation},
  author={Dinh, Laurent and Krueger, David and Bengio, Yoshua},
  journal={arXiv preprint arXiv:1410.8516},
  year={2014}
}

@inproceedings{pennington2014glove,
  title={Glove: Global vectors for word representation},
  author={Pennington, Jeffrey and Socher, Richard and Manning, Christopher D},
  booktitle={Proceedings of the 2014 conference on empirical methods in natural language processing (EMNLP)},
  pages={1532--1543},
  year={2014}
}
@article{bojanowski2017enriching,
  title={Enriching word vectors with subword information},
  author={Bojanowski, Piotr and Grave, Edouard and Joulin, Armand and Mikolov, Tomas},
  journal={Transactions of the association for computational linguistics},
  volume={5},
  pages={135--146},
  year={2017},
  publisher={MIT Press One Rogers Street, Cambridge, MA 02142-1209, USA journals-info~…}
}

@article{thompson1968programming,
  title={Programming techniques: Regular expression search algorithm},
  author={Thompson, Ken},
  journal={Communications of the ACM},
  volume={11},
  number={6},
  pages={419--422},
  year={1968},
  publisher={ACM New York, NY, USA}
}

@inproceedings{bocharov2011corpora,
  title={Программное обеспечение для коллективной работы над морфологической разметкой корпуса},
  author={Бочаров, ВВ and Грановский, ДВ},
  booktitle={Труды международной конференции {\guillemotleft}Корпуснаялингвистика-2011{\guillemotright}.-СПб.: С.--Петербургский государственный университет},
  year={2011}
}

@article{harris1954distributional,
  title={Distributional structure},
  author={Harris, Zellig S},
  journal={Word},
  volume={10},
  number={2-3},
  pages={146--162},
  year={1954},
  publisher={Taylor \& Francis}
}
